@book{abrahart2008practical,
  title={Practical Hydroinformatics: Computational Intelligence and Technological Developments in Water Applications},
  author={Abrahart, Robert J and See, Linda M and Solomatine, Dimitri P},
  series={Water Science and Technology Library},
  year={2008},
  publisher={Springer Science \& Business Media}
}

@article{anderton2004evaluation,
  title={Evaluation of spatial variability in snow water equivalent for a high mountain catchment},
  author={Anderton, SP and White, SM and Alvera, B},
  journal={Hydrological Processes},
  volume={18},
  number={3},
  pages={435--453},
  year={2004},
  publisher={Wiley Online Library}
}

@phdthesis{aschbacher1989land,
  author       = {Aschbacher, Josef}, 
  title        = {Land surface studies and atmospheric effects by satellite microwave radiometry},
  school       = {University of Innsbruck},
  year         = {1989},
  address      = {Innsbruck, Austria}
}

@article{balsamo2009revised,
  title={{A revised hydrology for the ECMWF model: Verification from field site to terrestrial water storage and impact in the Integrated Forecast System}},
  author={Balsamo, Gianpaolo and Beljaars, Anton and Scipal, Klaus and Viterbo, Pedro and van den Hurk, Bart and Hirschi, Martin and Betts, Alan K},
  journal={Journal of Hydrometeorology},
  volume={10},
  number={3},
  pages={623--643},
  year={2009}
}

@article{balsamo2011evolution,
  title={{Evolution of land surface processes in the IFS}},
  author={Balsamo, G and Boussetta, S and Dutra, E and Beljaars, A and Viterbo, P and Van den Hurk, B},
  journal={ECMWF Newsletter},
  volume={127},
  pages={17--22},
  year={2011},
  publisher={ECMWF Reading, United Kingdom}
}

@article{balsamo2015era,
  title={{ERA}-{I}nterim/{L}and: a global land surface reanalysis data set},
  author={Balsamo, Gianpaolo and Albergel, Clement and Beljaars, Anton and Boussetta, Souhail and Brun, Eric and Cloke, Hannah and Dee, Dick and Dutra, Emanuel and Mu{\~n}oz-Sabater, Joaqu{\'\i}n and Pappenberger, Florian and de Rosnay, Patricia and Stockdale, Tim and Vitart, Frederic},
  journal={Hydrology and Earth System Sciences},
  volume={19},
  number={1},
  pages={389--407},
  year={2015},
  doi={10.5194/hess-19-389-2015},
  publisher={Copernicus}
}

@article{barry1990application,
  title={Application of a snow cover energy and mass balance model in a balsam fir forest},
  author={Barry, Richard and Pr{\'e}vost, Marcel and Stein, Jean and Plamondon, Andre P},
  journal={Water Resources Research},
  volume={26},
  number={5},
  pages={1079--1092},
  year={1990},
  publisher={Wiley Online Library}
}

@article{binaghi2013snow,
  title={Snow cover thickness estimation using radial basis function networks},
  author={Binaghi, E and Pedoia, V and Guidali, A and Guglielmin, M},
  journal={The Cryosphere},
  volume={7},
  number={3},
  pages={841--854},
  year={2013},
  doi={10.5194/tc-7-841-2013},
  publisher={Copernicus GmbH}
}

@book{bishop1995neural,
  title={Neural Networks for Pattern Recognition},
  author={Bishop, Christopher M},
  year={1995},
  publisher={Oxford University Press}
}

@book{bishop2006pattern,
  title={Pattern Recognition and Machine Learning},
  author={Bishop, Christopher M},
  year={2006},
  publisher={Springer}
}

@article{bloschl1991distributed,
  title={Distributed snowmelt simulations in an alpine catchment: 1. Model evaluation on the basis of snow cover patterns},
  author={Bl{\"o}schl, G and Kirnbauer, R and Gutknecht, D},
  journal={Water Resources Research},
  volume={27},
  number={12},
  pages={3171--3179},
  year={1991},
  publisher={Wiley Online Library}
}

@article{bloschl1999scaling,
  title={Scaling issues in snow hydrology},
  author={Bl{\"o}schl, G{\"u}nter},
  journal={Hydrological Processes},
  volume={13},
  number={14-15},
  pages={2149--2175},
  year={1999},
  publisher={Wiley Online Library}
}

@article{boussetta2013impact,
  title={{Impact of a satellite-derived Leaf Area Index monthly climatology in a global Numerical Weather Prediction model}},
  author={Boussetta, Souhail and Balsamo, Gianpaolo and Beljaars, Anton and Kral, Tomas and Jarlan, Lionel},
  journal={International Journal of Remote Sensing},
  volume={34},
  number={9-10},
  pages={3520--3542},
  year={2013},
  publisher={Taylor \& Francis}
}

@book{bcmof1994,
  title={1994 Forest, Recreation, and Range Resource Analysis},
  author={{British Columbia Ministry of Forests}},
  year={1995},
  publisher={Crown Publications}
}

@article{bristow1984relationship,
  title={On the relationship between incoming solar radiation and daily maximum and minimum temperature},
  author={Bristow, Keith L and Campbell, Gaylon S},
  journal={Agricultural and Forest Meteorology},
  volume={31},
  number={2},
  pages={159--166},
  year={1984},
  publisher={Elsevier}
}

@article{brown2009response,
  title={{The response of Northern Hemisphere snow cover to a changing climate}},
  author={Brown, Ross D and Mote, Philip W},
  journal={Journal of Climate},
  volume={22},
  number={8},
  pages={2124--2145},
  year={2009}
}

@misc{brown2010canadian,
  title={{Canadian Meteorological Centre (CMC) daily snow depth analysis data}},
  author={Brown, RD and Brasnett, B},
  note={Environment Canada, 2010. Boulder, Colorado USA: National Snow and Ice Data Center},
  year={2015}
}

@article{brun2013simulation,
  title={{Simulation of northern Eurasian local snow depth, mass, and density using a detailed snowpack model and meteorological reanalyses}},
  author={Brun, Eric and Vionnet, Vincent and Boone, Aaron and Decharme, Bertrand and Peings, Yannick and Valette, R{\'e}mi and Karbou, Fatima and Morin, Samuel},
  journal={Journal of Hydrometeorology},
  volume={14},
  number={1},
  pages={203--219},
  year={2013}
}

@book{burrough1998principles,
  title={Principles of Geographical Information Systems},
  author={Burrough, Peter A and McDonnell, Rachael A},
  year={1998},
  publisher={Oxford University Press}
}

@book{campbell1977introduction,
  title={An Introduction to Environmental Biophysics},
  author={Campbell, Gaylon S},
  year={1977},
  publisher={Springer}
}

@book{campbell1998introduction,
  title={An Introduction to Environmental Biophysics},
  author={Campbell, Gaylon S and Norman, John M},
  year={1998},
  publisher={Springer}
}

@manual{cannon2015monmlp,
  title={monmlp: Monotone Multi-Layer Perceptron Neural Network. {R} package version 1.1.3},
  author={Cannon, Alex J},
  year={2015}
}

@article{cannon2002ensemble,
  title={A graphical sensitivity analysis for statistical climate models: application to {I}ndian monsoon rainfall prediction by artificial neural networks and multiple linear regression models},
  author={Cannon, Alex J and McKendry, Ian G},
  journal={International Journal of Climatology},
  volume={22},
  number={13},
  pages={1687--1708},
  year={2002},
  doi={10.1002/joc.811},
  publisher={Wiley Online Library}
}

@article{carrera2010evaluation,
  title={{Evaluation of snowpack simulations over the Canadian Rockies with an experimental hydrometeorological modeling system}},
  author={Carrera, Marco L and B{\'e}lair, St{\'e}phane and Fortin, Vincent and Bilodeau, Bernard and Charpentier, Doroth{\'e}e and Dor{\'e}, Isabelle},
  journal={Journal of Hydrometeorology},
  volume={11},
  number={5},
  pages={1123--1140},
  year={2010}
}

@article{carroll2009new,
  title={A new global raster water mask at 250 m resolution},
  author={Carroll, ML and Townshend, John R and DiMiceli, Charlene M and Noojipady, Praveen and Sohlberg, Robert A},
  journal={International Journal of Digital Earth},
  volume={2},
  number={4},
  pages={291--308},
  year={2009},
  publisher={Taylor \& Francis}
}

@article{chang1987nimbus,
  title={Nimbus-7 {SMMR} derived global snow cover parameters},
  author={Chang, ATC and Foster, JL and Hall, DK},
  journal={Annals of Glaciology},
  volume={9},
  number={9},
  pages={39--44},
  year={1987},
  doi={10.3189/S0260305500200736}
}

@article{chang1996effects,
  title={Effects of forest on the snow parameters derived from microwave measurements during the {BOREAS} winter field campaign},
  author={Chang, ATC and Foster, JL and Hall, DK},
  journal={Hydrological Processes},
  volume={10},
  number={12},
  pages={1565--1574},
  year={1996},
  doi={10.1002/(SICI)1099-1085(199612)10:12<1565::AID-HYP501>3.0.CO;2-5},
  publisher={Wiley Online Library}
}

@article{chen2001passive,
  title={Passive microwave remote sensing of snow constrained by hydrological simulations},
  author={Chen, Chi-Te and Nijssen, Bart and Guo, Jianjun and Tsang, Leung and Wood, Andrew W and Hwang, Jenq-Neng and Lettenmaier, Dennis P},
  journal={IEEE Transactions on Geoscience and Remote Sensing},
  volume={39},
  number={8},
  pages={1744--1756},
  year={2001},
  doi={10.1109/36.942553},
  publisher={IEEE}
}

@article{chen2008assessing,
  title={Assessing objective techniques for gauge-based analyses of global daily precipitation},
  author={Chen, Mingyue and Shi, Wei and Xie, Pingping and Silva, Viviane and Kousky, Vernon E and Wayne Higgins, R and Janowiak, John E},
  journal={Journal of Geophysical Research: Atmospheres},
  volume={113},
  number={D4},
  year={2008},
  publisher={Wiley Online Library}
}

@article{cordisco2006snow,
  title={Snow characterization at a global scale with passive microwave satellite observations},
  author={Cordisco, E and Prigent, C and Aires, F},
  journal={Journal of Geophysical Research: Atmospheres},
  volume={111},
  number={D19},
  year={2006},
  publisher={Wiley Online Library}
}

@article{coulibaly2001multivariate,
  title={Multivariate reservoir inflow forecasting using temporal neural networks},
  author={Coulibaly, Paulin and Anctil, Fran{\c{c}}ois and Bobee, Bernard},
  journal={Journal of Hydrologic Engineering},
  volume={6},
  number={5},
  pages={367--376},
  year={2001},
  publisher={American Society of Civil Engineers}
}

@incollection{coulibaly2008dynamic,
  title={Dynamic neural networks for nonstationary hydrological time series modeling},
  author={Coulibaly, P and Baldwin, CK},
  booktitle={Practical Hydroinformatics: Computational Intelligence and Technological Developments in Water Applications},
  pages={71--85},
  year={2008},
  publisher={Springer}
}

@article{daly2008physiographically,
  title={Physiographically sensitive mapping of climatological temperature and precipitation across the conterminous United States},
  author={Daly, Christopher and Halbleib, Michael and Smith, Joseph I and Gibson, Wayne P and Doggett, Matthew K and Taylor, George H and Curtis, Jan and Pasteris, Phillip P},
  journal={International Journal of Climatology},
  volume={28},
  number={15},
  pages={2031--2064},
  year={2008},
  publisher={Wiley Online Library}
}

@book{davison1997bootstrap,
  title={Bootstrap Methods and Their Application},
  author={Davison, Anthony Christopher and Hinkley, David Victor},
  volume={1},
  year={1997},
  publisher={Cambridge University Press}
}

@article{decker2012evaluation,
  title={{Evaluation of the reanalysis products from GSFC, NCEP, and ECMWF using flux tower observations}},
  author={Decker, Mark and Brunke, Michael A and Wang, Zhuo and Sakaguchi, Koichi and Zeng, Xubin and Bosilovich, Michael G},
  journal={Journal of Climate},
  volume={25},
  number={6},
  pages={1916--1944},
  year={2012}
}

@article{dee2011era,
  title={The {ERA}-{I}nterim reanalysis: Configuration and performance of the data assimilation system},
  author={Dee, DP and Uppala, SM and Simmons, AJ and Berrisford, Paul and Poli, P and Kobayashi, S and Andrae, U and Balmaseda, MA and Balsamo, G and Bauer, P and Bechtold, P and Beljaars, ACM and van de Berg, L and Bidlot, J and Bormann, N and Delsol, C and Dragani, R and Fuentes, M and Geer, AJ and Haimberger, L and Healy, SB and Hersbach, H and H\'{o}lm, EV and Isaksen, L and K\r{a}llberg, P and K\"{o}hler, M and Matricardi, M and McNally, AP and Monge-Sanz, BM and Morcrette, J-J and Park, B-K and Peubey, C and de Rosnay, P and Tavolato, C and Th\'{e}paut, J-N and Vitart, F},
  journal={Quarterly Journal of the Royal Meteorological Society},
  volume={137},
  number={656},
  pages={553--597},
  year={2011},
  doi={10.1002/qj.828},
  publisher={Wiley Online Library}
}
\\   author={Dee, DP and Uppala, SM and Simmons, AJ and Berrisford, Paul and Poli, P and Kobayashi, S and Andrae, U and Balmaseda, MA and Balsamo, G and Bauer, P and others},

@article{derksen2008contribution,
  title={The contribution of {AMSR-E} 18.7 and 10.7 {GH}z measurements to improved boreal forest snow water equivalent retrievals},
  author={Derksen, Chris},
  journal={Remote Sensing of Environment},
  volume={112},
  number={5},
  pages={2701--2710},
  year={2008},
  doi={10.1016/j.rse.2008.01.001},
  publisher={Elsevier}
}

@article{dibike2008tdnn,
  title={{TDNN with logical values for hydrologic modeling in a cold and snowy climate}},
  author={Dibike, Yonas B and Coulibaly, Paulin},
  journal={Journal of Hydroinformatics},
  volume={10},
  number={4},
  pages={289--300},
  year={2008},
  publisher={IWA Publishing}
}

@article{dutra2010improved,
  title={{An improved snow scheme for the ECMWF land surface model: description and offline validation}},
  author={Dutra, Emanuel and Balsamo, Gianpaolo and Viterbo, Pedro and Miranda, Pedro MA and Beljaars, Anton and Sch{\"a}r, Christoph and Elder, Kelly},
  journal={Journal of Hydrometeorology},
  volume={11},
  number={4},
  pages={899--916},
  year={2010}
}

@article{dutra2011snow,
  title={Snow cover sensitivity to horizontal resolution, parameterizations, and atmospheric forcing in a land surface model},
  author={Dutra, Emanuel and Kotlarski, Sven and Viterbo, Pedro and Balsamo, Gianpaolo and Miranda, Pedro and Sch{\"a}r, Christoph and Bissolli, Peter and Jonas, Tobias},
  journal={Journal of Geophysical Research: Atmospheres},
  volume={116},
  number={D21},
  issn = {2156-2202},
  pages = {D21109},
  doi = {10.1029/2011JD016061},
  year={2011},
  publisher={Wiley Online Library}
}

@article{dutra2012complexity,
  title={Complexity of snow schemes in a climate model and its impact on surface energy and hydrology},
  author={Dutra, Emanuel and Viterbo, Pedro and Miranda, Pedro MA and Balsamo, Gianpaolo},
  journal={Journal of Hydrometeorology},
  volume={13},
  number={2},
  pages={521--538},
  year={2012}
}

@article{evora2008combining,
  title={Combining artificial neural network models, geostatistics, and passive microwave data for snow water equivalent retrieval and mapping},
  author={Evora, No{\"e}l Dacruz and Tapsoba, Dominique and De S{\`e}ve, Danielle},
  journal={IEEE Transactions on Geoscience and Remote Sensing},
  volume={46},
  number={7},
  pages={1925--1939},
  year={2008},
  doi={10.1109/TGRS.2008.916632},
  publisher={IEEE}
}

@article{evora2009recent,
  title={Recent advances in data-driven modeling of remote sensing applications in hydrology},
  author={Evora, No{\"e}l D and Coulibaly, Paulin},
  journal={Journal of Hydroinformatics},
  volume={11},
  number={3-4},
  pages={194--201},
  year={2009},
  doi={10.2166/hydro.2009.036},
  publisher={IWA Publishing}
}

@article{ferguson1999snowmelt,
  title={Snowmelt runoff models},
  author={Ferguson, RI},
  journal={Progress in Physical Geography},
  volume={23},
  number={2},
  pages={205--227},
  year={1999},
  publisher={Sage Publications Sage CA: Thousand Oaks, CA}
}

@article{fletcher1964function,
  title={Function minimization by conjugate gradients},
  author={Fletcher, Reeves and Reeves, Colin M},
  journal={The Computer Journal},
  volume={7},
  number={2},
  pages={149--154},
  year={1964},
  publisher={Oxford University Press}
}

@article{fletcher1970new,
  title={A new approach to variable metric algorithms},
  author={Fletcher, Roger},
  journal={The Computer Journal},
  volume={13},
  number={3},
  pages={317--322},
  year={1970},
  doi={10.1093/comjnl/13.3.317},
  publisher={Oxford University Press}
}

@inproceedings{foresee1997gauss,
  title={{Gauss-Newton approximation to Bayesian regularization}},
  author={Foresee, FD and Hagan, MT},
  booktitle={IEEE 1997 International Joint Conference on Neural Networks (IJCNN’97)},
  pages={9--12},
  year={1997}
}

@article{forman2015using,
  title={{Using a support vector machine and a land surface model to estimate large-scale passive microwave brightness temperatures over snow-covered land in North America}},
  author={Forman, Barton A and Reichle, Rolf H},
  journal={IEEE Journal of Selected Topics in Applied Earth Observations and Remote Sensing},
  volume={8},
  number={9},
  pages={4431--4441},
  year={2015},
  doi={10.1109/JSTARS.2014.2325780},
  publisher={IEEE}
}

@article{foster1997comparison,
  title={Comparison of snow mass estimates from a prototype passive microwave snow algorithm, a revised algorithm and a snow depth climatology},
  author={Foster, JL and Chang, ATC and Hall, DK},
  journal={Remote Sensing of Environment},
  volume={62},
  number={2},
  pages={132--142},
  year={1997},
  doi={10.1016/S0034-4257(97)00085-0},
  publisher={Elsevier}
}

@article{friedl2010modis,
  title={{MODIS Collection 5} global land cover: Algorithm refinements and characterization of new datasets},
  author={Friedl, Mark A and Sulla-Menashe, Damien and Tan, Bin and Schneider, Annemarie and Ramankutty, Navin and Sibley, Adam and Huang, Xiaoman},
  journal={Remote Sensing of Environment},
  volume={114},
  number={1},
  pages={168--182},
  year={2010},
  publisher={Elsevier}
}

@manual{fuka2014ecohydrology,
  title={EcoHydRology: A community modeling foundation for Eco-Hydrology. {R} package version 0.4.12},
  author={Fuka, D. R. and Walter, M. T. and Archibald, J. A. and Steenhuis, T. S. and Easton, Z. M.},
  year={2014}
}

@article{gan1996passive,
  title={{Passive microwave snow research in the Canadian high Arctic}},
  author={Gan, Thian Yew},
  journal={Canadian Journal of Remote Sensing},
  volume={22},
  number={1},
  pages={36--44},
  year={1996},
  doi={10.1080/07038992.1996.10874635},
  publisher={Taylor \& Francis}
}

@book{goodfellow2016deep,
  title={Deep Learning},
  author={Goodfellow, Ian and Bengio, Yoshua and Courville, Aaron},
  series={Adaptive Computation and Machine Learning series},
  publisher={MIT Press},
  year={2016}
}
\\  note={\url{http://www.deeplearningbook.org}},

@incollection{goodison1981measurement,
  title={Measurement and data analysis},
  author={Goodison, BE and Ferguson, HL and McKay, GA},
  pages={191--274},
  booktitle={Handbook of Snow},
  editor={Gray, DM and Male, DH},
  year={1981},
  publisher={Pergamon Press}
}

@book{govindaraju2000artificial,
  title={Artificial Neural Networks in Hydrology},
  author={Govindaraju, Rao S and Rao, A Ramachandra},
  year={2000},
  publisher={Springer Science \& Business Media}
}

@article{guo2003mapping,
  title={Mapping the spatial distribution and time evolution of snow water equivalent with passive microwave measurements},
  author={Guo, Jianjun and Tsang, Leung and Josberger, Edward G and Wood, Andrew W and Hwang, Jenq-Neng and Lettenmaier, Dennis P},
  journal={IEEE Transactions on Geoscience and Remote Sensing},
  volume={41},
  number={3},
  pages={612--621},
  year={2003},
  doi={10.1109/TGRS.2003.808907},
  publisher={IEEE}
}

@techreport{hastings1999global,
  author       = {Hastings, David A and Dunbar, Paula K and Elphingstone, Gerald M and Bootz, Mark and Murakami, Hiroshi and Maruyama, Hiroshi and Masaharu, Hiroshi and Holland, Peter and Payne, John and Bryant, Nevin A and Logan, Thomas L and Muller, Jan-Peter and Schreier, Gunter and MacDonald, John S},
  title        = {The {G}lobal {L}and {O}ne-kilometer {B}ase {E}levation ({GLOBE}) {D}igital {E}levation {M}odel, version 1.0},
  institution  = {National Oceanic and Atmospheric Administration},
  year         = 1999,
  address      = {325 Broadway, Boulder, Colorado 80305-3328, U.S.A.}
}
\\   note         = {Digital data base on the World Wide Web (URL: http://www.ngdc.noaa.gov/mgg/topo/globe.html) and CD-ROMs.}

@article{hestenes1952methods,
  title={Methods of Conjugate Gradients for Solving Linear Systems},
  author={Hestenes, Magnus R and Stiefel, Eduard},
  journal={Journal of Research of the National Bureau of Standards},
  volume={49},
  number={6},
  year={1952}
}

@article{hock1999distributed,
  title={A distributed temperature-index ice- and snowmelt model including potential direct solar radiation},
  author={Hock, Regine},
  journal={Journal of Glaciology},
  volume={45},
  number={149},
  pages={101--111},
  year={1999},
  publisher={International Glaciological Society}
}

@book{holland1964landforms,
  title={Landforms of British Columbia, A Physiographic Outline},
  author={Holland, Stuart S},
  number={Bulletin 48, British Columbia Ministry of Energy, Mines and Petroleum Resources},
  year={1964},
  publisher={Printer to the Queen}
}

@article{hopkinson2011impact,
  title={{Impact of aligning climatological day on gridding daily maximum--minimum temperature and precipitation over Canada}},
  author={Hopkinson, Ron F and McKenney, Daniel W and Milewska, Ewa J and Hutchinson, Michael F and Papadopol, Pia and Vincent, Lucie A},
  journal={Journal of Applied Meteorology and Climatology},
  volume={50},
  number={8},
  pages={1654--1665},
  year={2011}
}

@article{hsieh2001interannual,
  title={{Interannual variability of accumulated snow in the Columbia basin, British Columbia}},
  author={Hsieh, William W and Tang, Benyang},
  journal={Water Resources Research},
  volume={37},
  number={6},
  pages={1753--1759},
  year={2001},
  publisher={Wiley Online Library}
}

@book{hsieh2009machine,
  title={Machine Learning Methods in the Environmental Sciences: Neural Networks and Kernels},
  author={Hsieh, William W},
  year={2009},
  publisher={Cambridge University Press}
}

@article{hsu1997precipitation,
  title={{Precipitation estimation from remotely sensed information using Artificial Neural Networks}},
  author={Hsu, Kou-Lin and Gao, Xiaogang and Sorooshian, Soroosh and Gupta, Hoshin V},
  journal={Journal of Applied Meteorology},
  volume={36},
  number={9},
  pages={1176--1190},
  year={1997}
}

@article{hsu1999estimation,
  title={Estimation of physical variables from multichannel remotely sensed imagery using a neural network: Application to rainfall estimation},
  author={Hsu, Kuo-lin and Gupta, Hoshin V and Gao, Xiaogang and Sorooshian, Soroosh},
  journal={Water Resources Research},
  volume={35},
  number={5},
  pages={1605--1618},
  year={1999},
  publisher={Wiley Online Library}
}

@incollection{hsu2009satellite,
  title={{Satellite-based precipitation measurement using PERSIANN system}},
  author={Hsu, Kuo-Lin and Sorooshian, Soroosh},
  booktitle={Hydrological Modeling and The Water Cycle: Coupling the Atmospheric and Hydrologic Models},
  pages={27--48},
  year={2009},
  publisher={Springer}
}

@article{huang2015extended,
  title={{Extended Reconstructed Sea Surface Temperature (ERSST), Version 4}},
  author={Huang, B and Banzon, VF and Freeman, E and Lawrimore, J and Liu, W and Peterson, TC and Smith, TM and Thorne, PW and Woodruff, SD and Zhang, HM},
  journal={NOAA National Centers for Environmental Information},
  volume={10},
  year={2015}
}

@article{huffman2009improving,
  title={{Improving the global precipitation record: GPCP Version 2.1}},
  author={Huffman, George J and Adler, Robert F and Bolvin, David T and Gu, Guojun},
  journal={Geophysical Research Letters},
  volume={36},
  number={17},
  year={2009},
  publisher={Wiley Online Library}
}

// an original ANUSPLIN ref, replaced by hopkinson2011impact & mckenney2011customized from Alex
@article{hutchinson1991application,
  title={The application of thin plate smoothing splines to continent-wide data assimilation},
  author={Hutchinson, MF},
  journal={BMRC research report},
  number={27},
  pages={104--113},
  year={1991}
}

@inproceedings{jensen1990evapotranspiration,
  title={{Evapotranspiration and Irrigation Water Requirements}},
  author={Jensen, Marvin Eli and Burman, Robert D and Allen, Rick G},
  year={1990},
  organization={ASCE}
}

@article{jost2012distributed,
  title={Distributed temperature-index snowmelt modelling for forested catchments},
  author={Jost, Georg and Moore, R Dan and Smith, Russell and Gluns, David R},
  journal={Journal of Hydrology},
  volume={420},
  pages={87--101},
  year={2012},
  publisher={Elsevier}
}

@article{jolliffe2007uncertainty,
  title={Uncertainty and inference for verification measures},
  author={Jolliffe, Ian T},
  journal={Weather and Forecasting},
  volume={22},
  number={3},
  pages={637--650},
  year={2007},
  doi={10.1175/WAF989.1}
}

@article{kongoli2004interpretation,
  title={{Interpretation of AMSU microwave measurements for the retrievals of snow water equivalent and snow depth}},
  author={Kongoli, Cezar and Grody, Norman C and Ferraro, Ralph R},
  journal={Journal of Geophysical Research: Atmospheres},
  volume={109},
  number={D24},
  year={2004},
  publisher={Wiley Online Library}
}

@article{kung1964study,
  title={{Study of a continental surface albedo on the basis of flight measurements and structure of the Earth's surface cover over North America}},
  author={Kung, EC and Bryson, RA and Lenschow, DH},
  journal={Monthly Weather Review},
  volume={92},
  pages={543--564},
  year={1964}
}

@article{langlois2011improved,
  title={Improved corrections of forest effects on passive microwave satellite remote sensing of snow over boreal and subarctic regions},
  author={Langlois, Alexandre and Royer, Alain and Dupont, Florent and Roy, Alexandre and Go{\"\i}ta, Kalifa and Picard, Ghislain},
  journal={IEEE Transactions on Geoscience and Remote Sensing},
  volume={49},
  number={10},
  pages={3824--3837},
  year={2011},
  publisher={IEEE}
}

@article{liang1994simple,
  title={A simple hydrologically based model of land surface water and energy fluxes for general circulation models},
  author={Liang, Xu and Lettenmaier, Dennis P and Wood, Eric F and Burges, Stephen J},
  journal={Journal of Geophysical Research},
  volume={99},
  number={D7},
  pages={14415--14428},
  year={1994},
  doi={10.1029/94JD00483},
  publisher={Wiley Online Library}
}

@article{lima2013nonlinear,
  title={Nonlinear regression in environmental sciences by support vector machines combined with evolutionary strategy},
  author={Lima, Aranildo R and Cannon, Alex J and Hsieh, William W},
  journal={Computers \& Geosciences},
  volume={50},
  pages={136--144},
  year={2013},
  publisher={Elsevier}
}

@article{lima2015nonlinear,
  title={Nonlinear regression in environmental sciences using extreme learning machines: a comparative evaluation},
  author={Lima, Aranildo R and Cannon, Alex J and Hsieh, William W},
  journal={Environmental Modelling \& Software},
  volume={73},
  pages={175--188},
  year={2015},
  doi={10.1016/j.envsoft.2015.08.002},
  publisher={Elsevier}
}

@book{luenberger1984linear,
  title={Linear and Nonlinear Programming},
  author={Luenberger, David G},
  edition={2nd},
  year={1984},
  publisher={Addison-Wesley}
}

@inproceedings{luojus2010investigating,
  title={{Investigating the feasibility of the GlobSnow snow water equivalent data for climate research purposes}},
  author={Luojus, Kari and Pulliainen, Jouni and Takala, Matias and Derksen, Chris and Rott, Helmut and Nagler, Thomas and Solberg, Rune and Wiesmann, Andreas and Metsamaki, Sari and Malnes, Eirik and others},
  booktitle={2010 IEEE International Geoscience and Remote Sensing Symposium (IGARSS)},
  pages={4851--4853},
  year={2010},
  organization={IEEE}
}

@article{mcculloch1943logical,
  title={A logical calculus of the ideas immanent in nervous activity},
  author={McCulloch, Warren S and Pitts, Walter},
  journal={The Bulletin of Mathematical Biophysics},
  volume={5},
  number={4},
  pages={115--133},
  year={1943},
  publisher={Springer}
}

@article{mackay1992bayesian,
  title={Bayesian interpolation},
  author={MacKay, David JC},
  journal={Neural Computation},
  volume={4},
  number={3},
  pages={415--447},
  year={1992},
  publisher={MIT Press}
}

@incollection{mckay1981distribution,
  title={The distribution of snow},
  author={McKay, GA and Gray, DM},
  pages={153--190},
  booktitle={Handbook of Snow},
  editor={Gray, DM and Male, DH},
  year={1981},
  publisher={Pergamon Press}
}

@article{mckenney2011customized,
  title={{Customized spatial climate models for North America}},
  author={McKenney, Daniel W and Hutchinson, Michael F and Papadopol, Pia and Lawrence, Kevin and Pedlar, John and Campbell, Kathy and Milewska, Ewa and Hopkinson, Ron F and Price, David and Owen, Tim},
  journal={Bulletin of the American Meteorological Society},
  volume={92},
  number={12},
  pages={1611--1622},
  year={2011},
  publisher={American Meteorological Society}
}

@article{moore1996spring,
  title={{Spring snowpack anomaly patterns and winter climatic variability, British Columbia, Canada}},
  author={Moore, RD and McKendry, IG},
  journal={Water Resources Research},
  volume={32},
  number={3},
  pages={623--632},
  year={1996},
  publisher={Wiley Online Library}
}

@article{mudryk2015characterization,
  title={Characterization of northern hemisphere snow water equivalent datasets, 1981--2010},
  author={Mudryk, LR and Derksen, C and Kushner, PJ and Brown, R},
  journal={Journal of Climate},
  volume={28},
  number={20},
  pages={8037--8051},
  year={2015},
  doi={10.1175/JCLI-D-15-0229.1}
}

@book{murphy2012machine,
  title={Machine Learning: A Probabilistic Perspective},
  author={Murphy, Kevin P},
  year={2012},
  series={Adaptive Computation and Machine Learning series},
  publisher={MIT Press}
}

@book{nash1979compact,
      author        = {Nash, J C},
      title         = {Compact Numerical Methods for Computers: Linear Algebra and Function Minimisation},
      publisher     = {Hilger},
      address       = {Bristol},
      year          = {1979}
}

@phdthesis{ndlovu1994weather,
  title={Weather data generation and its use in estimating evapotranspiration},
  author={Ndlovu, Leonard Sive},
  school={Washington State University},
  year={1994}
}

@book{nilsson2009quest,
  title={The quest for Artificial Intelligence},
  author={Nilsson, Nils J},
  year={2009},
  publisher={Cambridge University Press}
}

@manual{pcic2014vic,
  author={{Pacific Climate Impacts Consortium}},
  title={Gridded Hydrologic Model Output},
  organization={University of Victoria},
  month={January},
  year={2014}, 
  note="Downloaded from \url{http://tools.pacificclimate.org/dataportal/hydro_model_out/map/} on March 24 2015"
}

@article{pan2003snow,
  title={{Snow process modeling in the North American Land Data Assimilation System (NLDAS): 2. Evaluation of model simulated snow water equivalent}},
  author={Pan, Ming and Sheffield, Justin and Wood, Eric F and Mitchell, Kenneth E and Houser, Paul R and Schaake, John C and Robock, Alan and Lohmann, Dag and Cosgrove, Brian and Duan, Qingyun and Luo, Lifeng and Higgins, R. Wayne and Pinker, Rachel T. and Tarpley, J. Dan},
  journal={Journal of Geophysical Research: Atmospheres},
  volume={108},
  number={D22},
  year={2003},
  publisher={Wiley Online Library}
}

@article{pavelsky2011accumulation,
  title={{Accumulation and melt dynamics of snowpack from a multiresolution regional climate model in the central Sierra Nevada, California}},
  author={Pavelsky, Tamlin M and Kapnick, Sarah and Hall, Alex},
  journal={Journal of Geophysical Research: Atmospheres},
  volume={116},
  number={D16},
  year={2011},
  publisher={Wiley Online Library}
}

@article{prechelt1998automatic,
  title={Automatic early stopping using cross validation: quantifying the criteria},
  author={Prechelt, Lutz},
  journal={Neural Networks},
  volume={11},
  number={4},
  pages={761--767},
  year={1998},
  publisher={Elsevier}
}

@article{pulliainen1999hut,
  title={{HUT snow emission model and its applicability to snow water equivalent retrieval}},
  author={Pulliainen, Jouni T and Grandell, Jochen and Hallikainen, Martti T},
  journal={IEEE Transactions on Geoscience and Remote Sensing},
  volume={37},
  number={3},
  pages={1378--1390},
  year={1999},
  doi={10.1109/36.763302},
  publisher={IEEE}
}

@article{pulliainen2006mapping,
  title={Mapping of snow water equivalent and snow depth in boreal and sub-arctic zones by assimilating space-borne microwave radiometer data and ground-based observations},
  author={Pulliainen, Jouni},
  journal={Remote Sensing of Environment},
  volume={101},
  number={2},
  pages={257--269},
  year={2006},
  publisher={Elsevier}
}

@manual{rcoreteam2015r,
  title = {R: A Language and Environment for Statistical Computing},
  author = {{R Core Team}},
  organization = {R Foundation for Statistical Computing},
  address = {Vienna, Austria},
  year = {2015}
}
\\   url = {https://www.R-project.org/},

@article{rango1995revisiting,
  title={Revisiting the degree-day method for snowmelt computations},
  author={Rango, A and Martinec, J},
  journal={JAWRA Journal of the American Water Resources Association},
  volume={31},
  number={4},
  pages={657--669},
  year={1995},
  publisher={Wiley Online Library}
}

@article{reichle2011assessment,
  title={Assessment and enhancement of {MERRA} land surface hydrology estimates},
  author={Reichle, Rolf H and Koster, Randal D and De Lannoy, Gabri{\"e}lle JM and Forman, Barton A and Liu, Qing and Mahanama, Sarith PP and Tour{\'e}, Ally},
  journal={Journal of Climate},
  volume={24},
  number={24},
  pages={6322--6338},
  year={2011},
  doi={10.1175/JCLI-D-10-05033.1}
}

@manual{reichle2012merra,
  title={{The MERRA-Land Data Product}},
  author={Reichle, RH},
  organization={Global Modeling and Assimilation Office},
  note={Note No. 3 (Version 1.2), 38 pp, retrieved from \url{https://gmao.gsfc.nasa.gov/pubs/docs/Reichle541.pdf} on July 1, 2016},
  year={2012}
}

@article{reichler2008uncertainties,
  title={Uncertainties in the climate mean state of global observations, reanalyses, and the {GFDL} climate model},
  author={Reichler, Thomas and Kim, Junsu},
  journal={Journal of Geophysical Research: Atmospheres},
  volume={113},
  number={D5},
  issn={2156-2202},
  doi={10.1029/2007JD009278},
  pages={D05106},
  year={2008},
  publisher={Wiley Online Library}
}

@inproceedings{reynolds1999estimating,
  title={Estimating available water content by linking the {FAO} soil map of the world with global soil profile databases and pedo-transfer functions},
  author={Reynolds, C A and Jackson, T J and Rawls, W J},
  booktitle={Proceedings of the AGU 1999 Spring Conference, Boston, MA},
  year={1999}
}

@techreport{rienecker2008geos,
  title={The {GEOS}-5 Data Assimilation System - Documentation of Versions 5.0.1, 5.1.0, and 5.2.0},
  author={Rienecker, M M and Suarez, Max J and Todling, R and Bacmeister, J and Takacs, L and Liu, H-C and Gu, W and Sienkiewicz, M and Koster, R D and Gelaro, R and Stajner, I and Nielsen, J E},
  number={Vol. 27},
  type={Technical Report Series on Global Modeling and Data Assimilation},
  year={2008}
}
\\  organization={NASA},

@article{rienecker2011merra,
  title={{MERRA}: {NASA}'s modern-era retrospective analysis for research and applications},
  author={Rienecker, M M and Suarez, M J and Gelaro, R and Todling, R and Bacmeister, J and Liu, E and Bosilovich, M G and Schubert, S D and Takacs, L and Kim, G K and Bloom, S and Chen, J Y and Collins, D and Conaty, A and Da Silva, A and Gu, W and Joiner, J and Koster, R D and Lucchesi, R and Molod, A and Owens, T and Pawson, S and Pegion, P and Redder, C R and Reichle, R and Robertson, F R and Ruddick, A G and Sienkiewicz, M and Woollen, J},
  journal={Journal of Climate},
  volume={24},
  number={14},
  pages={3624--3648},
  year={2011},
  doi={10.1175/JCLI-D-11-00015.1}
}
\\  author={Rienecker, Michele M and Suarez, Max J and Gelaro, Ronald and Todling, Ricardo and Bacmeister, Julio and Liu, Emily and Bosilovich, Michael G and Schubert, Siegfried D and Takacs, Lawrence and Kim, Gi-Kong and others},

@article{riley1999index,
  title={A terrain ruggedness index that quantifies topographic heterogeneity},
  author={Riley, Shawn J and DeGloria, Stephen D. and Elliot, Robert},
  journal={Intermountain Journal of Sciences},
  volume={5},
  number={1-4},
  pages={23--27},
  year={1999}
}

@article{rodell2004global,
  title={The {G}lobal {L}and {D}ata {A}ssimilation {S}ystem},
  author={Rodell, M and Houser, PR and Jambor, UEA and Gottschalck, J and Mitchell, K and Meng, C-J and Arsenault, K and Cosgrove, B and Radakovich, J and Bosilovich, M and Entin, JK and Walker, JP and Lohmann, D and Toll, D},
  journal={Bulletin of the American Meteorological Society},
  volume={85},
  number={3},
  pages={381--394},
  year={2004},
  doi={10.1175/BAMS-85-3-381},
  publisher={American Meteorological Society}
}

@article{rosenblatt1958perceptron,
  title={The perceptron: A probabilistic model for information storage and organization in the brain.},
  author={Rosenblatt, Frank},
  journal={Psychological Review},
  volume={65},
  number={6},
  pages={386},
  year={1958},
  publisher={American Psychological Association}
}

@book{rosenblatt1962principles,
  title={Principles of Neurodynamics},
  author={Rosenblatt, Frank},
  year={1962},
  publisher={Spartan Books}
}

@article{rowland1992modelling,
  title={Modelling solar irradiance on sloping surfaces under leafless deciduous forests},
  author={Rowland, JD and Moore, RD},
  journal={Agricultural and Forest Meteorology},
  volume={60},
  number={1-2},
  pages={111--132},
  year={1992},
  publisher={Elsevier}
}

@incollection{rumelhart1986learning,
  title={Learning internal representations by error propagation},
  author={Rumelhart, David E and Hinton, Geoffrey E and Williams, Ronald J},
  booktitle={Parallel Distributed Processing},
  year={1986},
  publisher={MIT Press}
}

@techreport{schnorbus2010quantifying,
  title={{Quantifying the water resource impacts of mountain pine beetle and associated salvage harvest operations across a range of watershed scales: Hydrologic modeling of the Fraser River Basin}},
  author={Schnorbus, Markus and Bennett, Katrina and Werner, Arelia},
  number={BC-X-423},
  year={2010},
  institution={Pacific Forestry Centre}
}

@techreport{schnorbus2011hydrologic,
  title={{Hydrologic impacts of climate change in the Peace, Campbell and Columbia watersheds, British Columbia, Canada}},
  author={Schnorbus, MA and Bennett, KE and Werner, AT and Berland, AJ},
  institution={Pacific Climate Impacts Consortium},
  number={157},
  address={University of Victoria, Victoria, BC},
  year={2011}
}

@article{schnorbus2014impacts,
  title={Impacts of climate change in three hydrologic regimes in {B}ritish {C}olumbia, {C}anada},
  author={Schnorbus, Markus and Werner, Arelia and Bennett, Katrina},
  journal={Hydrological Processes},
  volume={28},
  number={3},
  pages={1170--1189},
  year={2014},
  doi={10.1002/hyp.9661},
  publisher={Wiley Online Library}
}

@article{sheffield2006development,
  title={Development of a 50-year high-resolution global dataset of meteorological forcings for land surface modeling},
  author={Sheffield, Justin and Goteti, Gopi and Wood, Eric F},
  journal={Journal of Climate},
  volume={19},
  number={13},
  pages={3088--3111},
  year={2006},
  doi={10.1175/JCLI3790.1}
}

@article{shi2016review,
  title={Review of snow water equivalent microwave remote sensing},
  author={Shi, JianCheng and Xiong, Chuan and Jiang, LingMei},
  journal={Science China Earth Sciences},
  volume={59},
  number={4},
  pages={731--745},
  year={2016},
  doi={10.1007/s11430-015-5225-0},
  publisher={Springer}
}

@article{smith2000effect,
  title={{The effect of ENSO on the intraseasonal variance of surface temperatures in winter}},
  author={Smith, Catherine A and Sardeshmukh, Prashant D and others},
  journal={International Journal of Climatology},
  volume={20},
  number={13},
  pages={1543--1557},
  year={2000}
}

@article{snauffer2016comparison,
  title={Comparison of gridded snow water equivalent products with in situ measurements in {B}ritish {C}olumbia, {C}anada},
  author={Snauffer, Andrew M and Hsieh, William W and Cannon, Alex J},
  journal={Journal of Hydrology},
  volume={541},
  pages={714--726},
  year={2016},
  publisher={Elsevier},
  doi={10.1016/j.jhydrol.2016.07.027}
}
\\  url={http://dx.doi.org/10.1016/j.jhydrol.2016.07.027}
\\  howpublished={\url{http://dx.doi.org/10.1016/j.jhydrol.2016.07.027}}

@article{snaufferimproving,
  title={Improving gridded snow water equivalent products in {B}ritish {C}olumbia, {C}anada: multi-source data fusion by neural network models},
  author={Snauffer, Andrew M and Hsieh, William W and Cannon, Alex J and Schnorbus, Markus A},
  journal={The Cryosphere},
  year={2017},
  doi={10.5194/tc-2017-56},
  note={in press}
}

@article{stahl2006comparison,
  title={Comparison of approaches for spatial interpolation of daily air temperature in a large region with complex topography and highly variable station density},
  author={Stahl, K and Moore, RD and Floyer, JA and Asplin, MG and McKendry, IG},
  journal={Agricultural and Forest Meteorology},
  volume={139},
  number={3},
  pages={224--236},
  year={2006},
  publisher={Elsevier}
}

@article{stahl2006role,
  title={{The role of synoptic-scale circulation in the linkage between large-scale ocean--atmosphere indices and winter surface climate in British Columbia, Canada}},
  author={Stahl, Kerstin and Moore, R Dan and McKendry, Ian G},
  journal={International Journal of Climatology},
  volume={26},
  number={4},
  pages={541--560},
  year={2006},
  publisher={Wiley Online Library}
}

@article{sturm1995seasonal,
  title={A seasonal snow cover classification system for local to global applications},
  author={Sturm, Matthew and Holmgren, Jon and Liston, Glen E},
  journal={Journal of Climate},
  volume={8},
  number={5},
  pages={1261--1283},
  year={1995}
}

@article{sturm2010estimating,
  title={Estimating snow water equivalent using snow depth data and climate classes},
  author={Sturm, Matthew and Taras, Brian and Liston, Glen E and Derksen, Chris and Jonas, Tobias and Lea, Jon},
  journal={Journal of Hydrometeorology},
  volume={11},
  number={6},
  pages={1380--1394},
  year={2010}
}

@article{sultana2014evaluating,
  title={{Evaluating the Utah Energy Balance (UEB) snow model in the Noah land-surface model}},
  author={Sultana, R and Hsu, K-L and Li, J and Sorooshian, S},
  journal={Hydrology and Earth System Sciences},
  volume={18},
  number={9},
  pages={3553},
  year={2014},
  publisher={Copernicus GmbH}
}

@article{tait1998estimation,
  title={Estimation of snow water equivalent using passive microwave radiation data},
  author={Tait, AB},
  journal={Remote Sensing of Environment},
  volume={64},
  number={3},
  pages={286--291},
  year={1998},
  doi={10.1016/S0034-4257(98)00005-4},
  publisher={Elsevier}
}

@article{takala2011estimating,
  title={Estimating northern hemisphere snow water equivalent for climate research through assimilation of space-borne radiometer data and ground-based measurements},
  author={Takala, Matias and Luojus, Kari and Pulliainen, Jouni and Derksen, Chris and Lemmetyinen, Juha and K{\"a}rn{\"a}, Juha-Petri and Koskinen, Jarkko and Bojkov, Bojan},
  journal={Remote Sensing of Environment},
  volume={115},
  number={12},
  pages={3517--3529},
  year={2011},
  doi={10.1016/j.rse.2011.08.014},
  publisher={Elsevier}
}

@article{tedesco2004artificial,
  title={Artificial neural network-based techniques for the retrieval of {SWE} and snow depth from {SSM/I} data},
  author={Tedesco, M and Pulliainen, J and Takala, M and Hallikainen, M and Pampaloni, P},
  journal={Remote Sensing of Environment},
  volume={90},
  number={1},
  pages={76--85},
  year={2004},
  doi={10.1016/j.rse.2003.12.002},
  publisher={Elsevier}
}

@article{thimm1997high,
  title={High-order and multilayer perceptron initialization},
  author={Thimm, Georg and Fiesler, Emile},
  journal={IEEE Transactions on Neural Networks},
  volume={8},
  number={2},
  pages={349--359},
  year={1997},
  doi={10.1109/72.557673},
  publisher={IEEE}
}

@article{tong2010testing,
  title={Testing snow water equivalent retrieval algorithms for passive microwave remote sensing in an alpine watershed of western {C}anada},
  author={Tong, Jinjun and Dery, Stephen J and Jackson, Peter L and Derksen, Chris},
  journal={Canadian Journal of Remote Sensing},
  volume={36},
  number={sup1},
  pages={S74--S86},
  year={2010},
  doi={10.5589/m10-009},
  publisher={Taylor \& Francis}
}

@manual{armycorps1960runoff,
  title={Runoff from snowmelt},
  author={{US Army Corps of Engineers}},
  year={1960},
  note={US Government Printing}
}
\\  pages={1110--2}

@manual{vanderwal2014sdmtools,
  title={SDMTools: Species Distribution Modelling Tools: Tools for processing data associated with species distribution modelling exercises. {R} package version 1.1-221},
  author={VanDerWal, Jeremy and Falconi, Lorena and Januchowski, Stephanie and Shoo, Luke and Storlie, Collin},
  year={2014}
}

@article{varhola2010forest,
  title={Forest canopy effects on snow accumulation and ablation: An integrative review of empirical results},
  author={Varhola, Andr{\'e}s and Coops, Nicholas C and Weiler, Markus and Moore, R Dan},
  journal={Journal of Hydrology},
  volume={392},
  number={3},
  pages={219--233},
  year={2010},
  publisher={Elsevier}
}

@article{walter1995winter,
  title={Winter-time hydrologic modeling over a three-dimensional landscape},
  author={Walter, Michael Todd},
  school={Washington State University},
  year={1995}
}

@article{walter2005process,
  title={Process-based snowmelt modeling: does it require more input data than temperature-index modeling?},
  author={Walter, M Todd and Brooks, Erin S and McCool, Donald K and King, Larry G and Molnau, Myron and Boll, Jan},
  journal={Journal of Hydrology},
  volume={300},
  number={1},
  pages={65--75},
  year={2005},
  publisher={Elsevier}
}

@article{wang2012climatewna,
  title={{ClimateWNA--high-resolution spatial climate data for western North America}},
  author={Wang, Tongli and Hamann, Andreas and Spittlehouse, David L and Murdock, Trevor Q},
  journal={Journal of Applied Meteorology and Climatology},
  volume={51},
  number={1},
  pages={16--29},
  year={2012}
}

@article{wentz2013ssm,
  title={{SSM/I} version-7 calibration report},
  author={Wentz, Frank J},
  journal={Remote Sensing Systems Tech. Rep},
  volume={11012},
  pages={46},
  year={2013}
}

@phdthesis{werbos1974beyond,
  title={Beyond regression: New tools for prediction and analysis in the behavioral sciences"},
  school={Harvard University},
  author={Werbos, Paul John},
  year={1974}
}

@inproceedings{widrow1960adaptive,
  title={Adaptive Switching Circuits},
  author={Widrow, B and Hoff, M.E.},
  booktitle={1960 IRE WESCON Convention Record},
  pages={96--104},
  year={1960},
  organization={IRE}
}

@article{wolter2011nino,
  title={{El Ni{\~n}o/Southern Oscillation behaviour since 1871 as diagnosed in an extended multivariate ENSO index (MEI.ext)}},
  author={Wolter, Klaus and Timlin, Michael S},
  journal={International Journal of Climatology},
  volume={31},
  number={7},
  pages={1074--1087},
  year={2011},
  publisher={Wiley Online Library}
}

@article{wood2006test,
  title={{A test bed for new seasonal hydrologic forecasting approaches in the western United States}},
  author={Wood, Andrew W and Lettenmaier, Dennis P},
  journal={Bulletin of the American Meteorological Society},
  volume={87},
  number={12},
  pages={1699--1712},
  year={2006}
}

@article{wrzesien2017comparison,
  title={Comparison of Methods to Estimate Snow Water Equivalent at the Mountain Range Scale: A Case Study of the California Sierra Nevada},
  author={Wrzesien, Melissa L and Durand, Michael T and Pavelsky, Tamlin M and Howat, Ian M and Margulis, Steven A and Huning, Laurie S},
  journal={Journal of Hydrometeorology},
  volume={18},
  number={4},
  pages={1101--1119},
  year={2017}
}

@article{xue2015comparison,
  title={{Comparison of passive microwave brightness temperature prediction sensitivities over snow-covered land in North America using machine learning algorithms and the Advanced Microwave Scanning Radiometer}},
  author={Xue, Yuan and Forman, Barton A},
  journal={Remote Sensing of Environment},
  volume={170},
  pages={153--165},
  year={2015},
  doi={10.1016/j.rse.2015.09.009},
  publisher={Elsevier}
}
